<record><leader>00000cas a22000007a 4500</leader><controlfield tag="001">18736249</controlfield><controlfield tag="008">881110d18951903iduwr ne      0    0eng d</controlfield><datafield ind1=" " ind2=" " tag="010"><subfield code="a">sn 88056092 </subfield></datafield><datafield ind1=" " ind2=" " tag="040"><subfield code="a">NVB</subfield><subfield code="b">eng</subfield><subfield code="c">NVB</subfield><subfield code="d">OCLCQ</subfield><subfield code="d">OCLCF</subfield><subfield code="d">OCLCO</subfield></datafield><datafield ind1=" " ind2=" " tag="042"><subfield code="a">msc</subfield></datafield><datafield ind1=" " ind2=" " tag="043"><subfield code="a">n-us-id</subfield></datafield><datafield ind1="0" ind2="4" tag="245"><subfield code="a">The Silver blade.</subfield></datafield><datafield ind1=" " ind2=" " tag="260"><subfield code="a">Rathdrum, Idaho :</subfield><subfield code="b">J.F. Yost</subfield></datafield><datafield ind1=" " ind2=" " tag="300"><subfield code="a">v.</subfield></datafield><datafield ind1=" " ind2=" " tag="310"><subfield code="a">Weekly</subfield></datafield><datafield ind1="0" ind2=" " tag="362"><subfield code="a">Vol. 1, no. 1 (June 1, 1895)-v.9, no. 2 (Apr. 24, 1903).</subfield></datafield><datafield ind1=" " ind2="0" tag="651"><subfield code="a">Rathdrum (Idaho)</subfield><subfield code="v">Newspapers.</subfield></datafield><datafield ind1=" " ind2="7" tag="655"><subfield code="a">Newspapers.</subfield><subfield code="2">fast</subfield><subfield code="0">(OCoLC)fst01423814</subfield></datafield><datafield ind1=" " ind2="7" tag="651"><subfield code="a">Idaho</subfield><subfield code="z">Rathdrum.</subfield><subfield code="2">fast</subfield><subfield code="0">(OCoLC)fst01252712</subfield></datafield><datafield ind1=" " ind2=" " tag="752"><subfield code="a">United States</subfield><subfield code="b">Idaho</subfield><subfield code="c">Kootenai</subfield><subfield code="d">Rathdrum.</subfield></datafield><datafield ind1="0" ind2="0" tag="785"><subfield code="t">Rathdrum tribune</subfield><subfield code="w">(DLC)sn 88056093</subfield></datafield></record>